<?xml version="1.0" encoding="UTF-8"?><record xmlns="http://www.loc.gov/MARC21/slim" xmlns:cinclude="http://apache.org/cocoon/include/1.0" xmlns:zs="http://www.loc.gov/zing/srw/">
  <leader>00586cz  a2200133n  4500</leader>
  <controlfield tag="001">n  81138221 </controlfield>
  <controlfield tag="003">DLC</controlfield>
  <controlfield tag="005">19920313121335.9</controlfield>
  <controlfield tag="008">811203n| acannaab|          |n ana |||  </controlfield>
  <datafield tag="010" ind1=" " ind2=" ">
    <subfield code="a">n  81138221 </subfield>
  </datafield>
  <datafield tag="040" ind1=" " ind2=" ">
    <subfield code="a">DLC</subfield>
    <subfield code="c">DLC</subfield>
    <subfield code="d">DLC</subfield>
  </datafield>
  <datafield tag="110" ind1="2" ind2="0">
    <subfield code="a">International Geological Correlation Programme.</subfield>
    <subfield code="b">Project 148</subfield>
  </datafield>
  <datafield tag="670" ind1=" " ind2=" ">
    <subfield code="a">Its Quantitative stratigraphic correlation, c1982 (a.e.)</subfield>
    <subfield code="b">CIP introd. (International Geological Correlation Programme. Project 148)</subfield>
  </datafield>
  <datafield tag="670" ind1=" " ind2=" ">
    <subfield code="a">Yrbk. internat'l org., 1978</subfield>
    <subfield code="b">(Under International Geological Correlation Programme; working groups, symposia, in the form of "projects")</subfield>
  </datafield>
</record>